@book{koza92,
		author    = "Koza, John R.",
		title     = "Genetic Programming: On the Programming of Computers by Means of Natural Selection",
		publisher = "MIT Press",
		year      = "1992"
}


@misc{ wiki:latex,
       author = "Wikipedia",
       title = "LaTeX --- Wikipedia{,} La enciclopedia libre",
       year = "2015",
       url = "https://es.wikipedia.org/w/index.php?title=LaTeX&oldid=84209252",
       note = "[Internet; descargado 30-septiembre-2015]"
}


@article{bortolot2005,
  title={Estimating forest biomass using small footprint LiDAR data: An individual tree-based approach that incorporates training data},
  author={Bortolot, Zachary J and Wynne, Randolph H},
  journal={ISPRS Journal of Photogrammetry and Remote Sensing},
  volume={59},
  number={6},
  pages={342--360},
  year={2005},
  publisher={Elsevier}
}

@article{bortolot2005,
  title={Estimating forest biomass using small footprint LiDAR data: An individual tree-based approach that incorporates training data},
  author={Bortolot, Zachary J and Wynne, Randolph H},
  journal={ISPRS Journal of Photogrammetry and Remote Sensing},
  volume={59},
  number={6},
  pages={342--360},
  year={2005},
  publisher={Elsevier}
}

@misc{twitterGettingStarted,
      author={Twitter, Inc.},
      title={Getting started with the Twitter API},
      year={2023},
      howpublished = {[En línea]. Twitter, 2023. Disponible en \url{https://developer.twitter.com/en/docs/twitter-api/getting-started/about-twitter-api}},
      note = {[Fecha de consulta: 26-02-2023]}
}

@misc{twitterRateLimits,
      author={Twitter, Inc.},
      title={Rate limits},
      year={2023},
      howpublished = {[En línea]. Twitter, 2023. Disponible en \url{https://developer.twitter.com/en/docs/twitter-api/rate-limits#v2-limits}},
      note = {[Fecha de consulta: 26-02-2023]}
}

@misc{twitterAPIreference,
      author={Twitter, Inc.},
      title={Twitter API platform resources},
      year={2023},
      howpublished = {[En línea]. Twitter, 2023. Disponible en \url{https://developer.twitter.com/en/docs/twitter-api/getting-started/about-twitter-api#item2}},
      note = {[Fecha de consulta: 26-02-2023]}
}

@misc{facebookGraphAPI,
      author={Meta},
      title={General information - Graph API},
      year={2023},
      howpublished = {[En línea]. Meta for Developers, 2023. Disponible en \url{https://developers.facebook.com/docs/graph-api/overview}},
      note = {[Fecha de consulta: 26-02-2023]}
}

@misc{facebookRateLimits,
      author={Meta},
      title={Rate Limits - Graph API},
      year={2023},
      howpublished = {[En línea]. Meta for Developers, 2023. Disponible en \url{https://developers.facebook.com/docs/graph-api/overview/rate-limiting}},
      note = {[Fecha de consulta: 26-02-2023]}
}

@misc{facebookPermissions,
      author={Meta},
      title={Permissions Reference},
      year={2023},
      howpublished = {[En línea]. Meta for Developers, 2023. Disponible en \url{https://developers.facebook.com/docs/permissions/reference}},
      note = {[Fecha de consulta: 26-02-2023]}
}

@misc{facebookAPIreference,
      author={Meta},
      title={Graph API Reference},
      year={2023},
      howpublished = {[En línea]. Meta for Developers, 2023. Disponible en \url{https://developers.facebook.com/docs/graph-api/reference}},
      note = {[Fecha de consulta: 26-02-2023]}
}

@misc{instagramAPIreference,
      author={Meta},
      title={Instagram Graph API Reference},
      year={2023},
      howpublished = {[En línea]. Meta for Developers, 2023. Disponible en \url{https://developers.facebook.com/docs/instagram-api/reference}},
      note = {[Fecha de consulta: 26-02-2023]}
}

@misc{youtubeAPIreference,
      author={Google Developers},
      title={Resource types},
      year={2023},
      howpublished = {[En línea]. YouTube Data API, 2023. Disponible en \url{https://developers.google.com/youtube/v3/docs#resource-types}},
      note = {[Fecha de consulta: 26-02-2023]}
}

@misc{youtubeRateLimits,
      author={Google Developers},
      title={Quota Usage},
      year={2023},
      howpublished = {[En línea]. YouTube Data API, 2023. Disponible en \url{https://developers.google.com/youtube/v3/getting-started#calculating-quota-usage}},
      note = {[Fecha de consulta: 26-02-2023]}
}

@misc{redditRateLimits,
      author={Josh Wardle},
      title={Wiki API},
      year={2023},
      howpublished = {[En línea]. GitHub, 2015. Disponible en \url{https://github.com/reddit-archive/reddit/wiki/API}},
      note = {[Fecha de consulta: 26-02-2023]}
}

@misc{redditAPIreference,
      author={Reddit Inc.},
      title={API Overview},
      year={2023},
      howpublished = {[En línea]. reddit, inc., 2023. Disponible en \url{https://www.reddit.com/dev/api}},
      note = {[Fecha de consulta: 26-02-2023]}
}